<?xml version="1.0" encoding="UTF-8"?><collection xmlns="http://www.loc.gov/MARC21/slim"><record><leader>00582nam--2200193-u-4500</leader><controlfield tag="001">000055828</controlfield><controlfield tag="002">20161230</controlfield><controlfield tag="005">20161230201052</controlfield><controlfield tag="008">130808s1000------------r-----000-0-rum-d</controlfield><datafield ind1=" " ind2=" " tag="040"><subfield code="a">IFIN-HH</subfield></datafield><datafield ind1=" " ind2=" " tag="041"><subfield code="a">rum</subfield></datafield><datafield ind1=" " ind2=" " tag="080"><subfield code="a">519.2(07):519.1(07):519.68(07)</subfield></datafield><datafield ind1="1" ind2=" " tag="100"><subfield code="a">Dinescu, Constantin</subfield></datafield><datafield ind1="1" ind2="0" tag="245"><subfield code="a">Metode matematice si aplicatii pentru optimizarea problemelor din economie</subfield><subfield code="c">C. dinescu, b. savulescu</subfield></datafield><datafield ind1=" " ind2=" " tag="260"><subfield code="a">Bucuresti</subfield><subfield code="b">Editura Didactica Si Pedagogica</subfield><subfield code="c">1976</subfield></datafield><datafield ind1=" " ind2=" " tag="300"><subfield code="a">290P</subfield></datafield><datafield ind1="1" ind2=" " tag="700"><subfield code="a">Savulescu, Benone</subfield></datafield><datafield ind1=" " ind2=" " tag="852"><subfield code="a">43727</subfield><subfield code="c">519.283</subfield></datafield><datafield ind1=" " ind2=" " tag="CAT"><subfield code="a">Sys</subfield><subfield code="c">20130808</subfield><subfield code="h">110817</subfield></datafield></record></collection>